

@inproceedings{kobps-ctsssit-97,
  author    = {Marc J. van Kreveld and
               Ren{\'e} van Oostrum and
               Chandrajit L. Bajaj and
               Valerio Pascucci and
               Daniel Schikore},
  title     = {Contour Trees and Small Seed Sets for Isosurface Traversal},
  booktitle = {Symposium on Computational Geometry},
  year      = {1997},
  pages     = {212-220},
  ee        = {http://doi.acm.org/10.1145/262839.269238},
  bibsource = {DBLP, http://dblp.uni-trier.de}
}

@inproceedings{tv-cct-98,
  author    = {Sergey P. Tarasov and
               Michael N. Vyalyi},
  title     = {Construction of Contour Trees in 3D in ${O}(n \log n)$ Steps},
  booktitle = {Symposium on Computational Geometry},
  year      = {1998},
  pages     = {68-75},
  ee        = {http://doi.acm.org/10.1145/276884.276892},
  bibsource = {DBLP, http://dblp.uni-trier.de}
}

@inproceedings{csa-cctad-00,
  author    = {Hamish Carr and
               Jack Snoeyink and
               Ulrike Axen},
  title     = {Computing contour trees in all dimensions},
  booktitle = {SODA},
  year      = {2000},
  pages     = {918-926},
  ee        = {http://dl.acm.org/citation.cfm?id=338219.338659},
  crossref  = {DBLP:conf/soda/2000},
  bibsource = {DBLP, http://dblp.uni-trier.de}
}

@article{cllr-sooscctmp-05,
  author    = {Yi-Jen Chiang and
               Tobias Lenz and
               Xiang Lu and
               G{\"u}nter Rote},
  title     = {Simple and optimal output-sensitive construction of contour
               trees using monotone paths},
  journal   = {Comput. Geom.},
  volume    = {30},
  number    = {2},
  year      = {2005},
  pages     = {165-195},
  ee        = {http://dx.doi.org/10.1016/j.comgeo.2004.05.002},
  bibsource = {DBLP, http://dblp.uni-trier.de}
}

@inproceedings{pc-ectls-02,
  author    = {Valerio Pascucci and
               Kree Cole-McLaughlin},
  title     = {Efficient Computation of the Topology of Level Set},
  booktitle = {IEEE Visualization},
  year      = {2002},
  pages     = {187-194},
  ee        = {http://doi.ieeecomputersociety.org/10.1109/VISUAL.2002.1183774},
  bibsource = {DBLP, http://dblp.uni-trier.de}
}

@inproceedings{cehnp-lrbm-03,
  author    = {Kree Cole-McLaughlin and
               Herbert Edelsbrunner and
               John Harer and
               Vijay Natarajan and
               Valerio Pascucci},
  title     = {Loops in reeb graphs of 2-manifolds},
  booktitle = {Symposium on Computational Geometry},
  year      = {2003},
  pages     = {344-350},
  ee        = {http://doi.acm.org/10.1145/777792.777844},
  crossref  = {DBLP:conf/compgeom/2003},
  bibsource = {DBLP, http://dblp.uni-trier.de}
}

@article{sk-crgacs-91,
  author    = {Yoshihisa Shinagawa and 
	      Tosiyasu L. Kunii},
  title     = {Constructing a Reeb Graph Automatically from Cross Sections},
  journal   = {IEEE Comput. Graphics Appl.},
  volume    = {11},
  number    = {6},
  year      = {1991},
  pages     = {44-51}
}