% This file was created with JabRef 2.10.
% Encoding: Cp1252


@String { CGTA   = {Computational Geometry: Theory and Applications} }
@String { DCG    = {Discrete and Computational Geometry} }
@String { ESA    = {Proceedings of the European Symposium on Algorithms (ESA)} }
@String { FOCS   = {Proceedings of the Foundations of Computer Science (FOCS)} }
@String { JACM   = {Journal of the ACM} }
@String { SICOMP = {SIAM Journal on Computing} }
@String { SOCG   = {Proceedings of the Symposium on Computational Geometry (SoCG)} }
@String { SODA   = {Proceedings of the Symposium on Discrete Algorithms} }
@String { WADS   = {Proceedings of the Workshop on Algorithms and Data Structures} }

@InProceedings{abc-ioga-09,
  Title                    = {Instance-Optimal Geometric Algorithms},
  Author                   = {P. Afshani and J. Barbay and T. Chan},
  Booktitle                = FOCS,
  Year                     = {2009},
  Pages                    = {129--138},

  Bibsource                = {dblp computer science bibliography, http://dblp.org},
  Biburl                   = {http://dblp.uni-trier.de/rec/bib/conf/focs/AfshaniBC09},
  Doi                      = {10.1109/FOCS.2009.34},
  Timestamp                = {Sun, 19 Oct 2014 21:27:42 +0200},
  Url                      = {http://doi.ieeecomputersociety.org/10.1109/FOCS.2009.34}
}

@TechReport{BaKr+98,
  Title                    = {Contour trees and small seed sets for isosurface traversal},
  Author                   = {Bajaj, C. and Kreveld, M.~van and Oostrum, R.~W.~van and Pascucci, V. and Schikore, D.~R.},
  Institution              = {Department of Information and Computing Sciences, Utrecht University},
  Year                     = {1998},
  Number                   = {UU-CS-1998-25},

  Pubcat                   = {techreport},
  Urlpdf                   = {{http://www.cs.uu.nl/research/techreps/repo/CS-1998/1998-25.pdf}},
  Urlps                    = {{http://www.cs.uu.nl/research/techreps/repo/CS-1998/1998-25.ps.gz}}
}

@InProceedings{BeWe+11,
  Title                    = {Visualization of topology of transformation pathways in complex chemical systems},
  Author                   = {K. Beketayev and G. Weber and M. Haranczyk and P.-T. Bremer and M. Hlawitschka and B. Hamann},
  Booktitle                = {Computer Graphics Forum (EuroVis 2011)},
  Year                     = {2011},
  Pages                    = {663-672}
}

@Article{bo-arcgi-79,
  Title                    = {Algorithms for reporting and counting geometric intersections},
  Author                   = {J. Bentley and T. Ottmann},
  Journal                  = {IEEE Trans. Comput.},
  Year                     = {1979},

  Month                    = sep,
  Number                   = {9},
  Pages                    = {643--647},
  Volume                   = {C-28},

  Keyent                   = {bo-arcgi-79}
}

@InProceedings{BoMa12,
  Title                    = {The Simplex Tree: An Efficient Data Structure for General Simplicial Complexes},
  Author                   = {J.-D. Boissonnat and C. Maria},
  Booktitle                = ESA,
  Year                     = {2012},
  Pages                    = {731-742},

  Owner                    = {scomand},
  Timestamp                = {2014.10.30}
}

@InProceedings{BoRu63,
  Title                    = {Hybrid techniques for real-time radar simulation},
  Author                   = {R. Boyell and H. Ruston},
  Booktitle                = {Proceedings of Fall Joint Computer Conference},
  Year                     = {1963},
  Pages                    = {445-458},

  Owner                    = {scomand},
  Timestamp                = {2014.10.29}
}

@Article{BrWe+10,
  Title                    = {Analyzing and tracking burning structures in lean premixed hydrogen flames},
  Author                   = {P.-T. Bremer and G. Weber and V. Pascucci and M. Day and J. Bell},
  Journal                  = {IEEE Transactions on Visualization and Computer Graphics},
  Year                     = {2010},
  Number                   = {2},
  Pages                    = {248-260},
  Volume                   = {16}
}

@Article{BrWe+11,
  Title                    = {Analyzing and tracking burning structures in lean premixed hydrogen flames},
  Author                   = {P.-T. Bremer and G. Weber and J. Tierny and V. Pascucci and M. Day and J. Bell},
  Journal                  = {IEEE Transactions on Visualization and Computer Graphics},
  Year                     = {2011},
  Number                   = {9},
  Pages                    = {1307-1325},
  Volume                   = {17}
}

@InProceedings{bdeilmt-osacnnd-03,
  Title                    = {Output-Sensitive Algorithms for Computing Nearest-Neighbor Decision Boundaries},
  Author                   = {D. Bremner and E. Demaine and J. Erickson and J. Iacono and S. Langerman and P. Morin and G. Toussaint},
  Booktitle                = WADS,
  Year                     = {2003},
  Pages                    = {451--461}
}

@PhdThesis{c-tmi-04,
  Title                    = {Topological Manipulation of Isosurfaces},
  Author                   = {H. Carr},
  School                   = {University of British Columbia},
  Year                     = {2004}
}

@Article{csa-cctad-03,
  Title                    = {Computing contour trees in all dimensions},
  Author                   = {H. Carr and
 J. Snoeyink and
 U. Axen},
  Journal                  = CGTA,
  Year                     = {2003},
  Number                   = {2},
  Pages                    = {75--94},
  Volume                   = {24}
}

@InProceedings{csa-cctad-00,
  Title                    = {Computing contour trees in all dimensions},
  Author                   = {H. Carr and J. Snoeyink and U. Axen},
  Booktitle                = SODA,
  Year                     = {2000},
  Pages                    = {918-926},

  Bibsource                = {DBLP, http://dblp.uni-trier.de},
  Ee                       = {http://dl.acm.org/citation.cfm?id=338219.338659}
}

@misc{rote,
  title        = {Personal communication},
  author       = {G\"{u}nter Rote}
}


@article{rs-17,
  author    = {Benjamin Raichel and
               C. Seshadhri},
  title     = {Avoiding the Global Sort: {A} Faster Contour Tree Algorithm},
  journal   = DCG,
  volume    = {58},
  number    = {4},
  pages     = {946--985},
  year      = {2017},
  url       = {https://doi.org/10.1007/s00454-017-9901-z},
  doi       = {10.1007/s00454-017-9901-z},
  timestamp = {Thu, 12 Mar 2020 17:21:33 +0100},
  biburl    = {https://dblp.org/rec/journals/dcg/RaichelS17.bib},
  bibsource = {dblp computer science bibliography, https://dblp.org}
}


@Article{c-ooscha-96,
  Title                    = {Optimal Output-Sensitive Convex Hull Algorithms in Two and Three Dimensions},
  Author                   = {T. Chan},
  Journal                  = DCG,
  Year                     = {1996},
  Number                   = {4},
  Pages                    = {361--368},
  Volume                   = {16},

  Bibsource                = {dblp computer science bibliography, http://dblp.org},
  Biburl                   = {http://dblp.uni-trier.de/rec/bib/journals/dcg/Chan96},
  Doi                      = {10.1007/BF02712873},
  Timestamp                = {Thu, 02 Oct 2014 18:09:50 +0200},
  Url                      = {http://dx.doi.org/10.1007/BF02712873}
}

@Article{cllr-sooscctmp-05,
  Title                    = {Simple and optimal output-sensitive construction of contour trees using monotone paths},
  Author                   = {Y. Chiang and T. Lenz and X. Lu and G. Rote},
  Journal                  = CGTA,
  Year                     = {2005},
  Number                   = {2},
  Pages                    = {165-195},
  Volume                   = {30},

  Bibsource                = {DBLP, http://dblp.uni-trier.de},
  Ee                       = {http://dx.doi.org/10.1016/j.comgeo.2004.05.002}
}

@InProceedings{c-mosga-94,
  Title                    = {More Output-Sensitive Geometric Algorithms},
  Author                   = {K. L. Clarkson},
  Booktitle                = FOCS,
  Year                     = {1994},
  Pages                    = {695--702},

  Bibsource                = {dblp computer science bibliography, http://dblp.org},
  Biburl                   = {http://dblp.uni-trier.de/rec/bib/conf/focs/Clarkson94},
  Doi                      = {10.1109/SFCS.1994.365723},
  Timestamp                = {Thu, 02 Oct 2014 18:16:44 +0200},
  Url                      = {http://doi.ieeecomputersociety.org/10.1109/SFCS.1994.365723}
}

@InProceedings{cehnp-lrbm-03,
  Title                    = {Loops in reeb graphs of 2-manifolds},
  Author                   = {K. Cole-McLaughlin and H. Edelsbrunner and J. Harer and V. Natarajan and V. Pascucci},
  Booktitle                = SOCG,
  Year                     = {2003},
  Pages                    = {344-350},

  Bibsource                = {DBLP, http://dblp.uni-trier.de},
  Ee                       = {http://doi.acm.org/10.1145/777792.777844}
}

@Article{DoNa13,
  Title                    = {Computing Reeb Graphs as a Union of Contour Trees},
  Author                   = {H. Doraiswamy and V. Natarajan},
  Journal                  = {IEEE Transactions on Visualization and Computer Graphics},
  Year                     = {2013},
  Number                   = {2},
  Pages                    = {249-262},
  Volume                   = {19},

  Owner                    = {scomand},
  Timestamp                = {2014.10.30}
}

@Article{DoNa09,
  Title                    = {Efficient algorithms for computing reeb graphs},
  Author                   = {H. Doraiswamy and V. Natarajan},
  Journal                  = {Computational Geometry: Theory and Applications},
  Year                     = {2009},
  Pages                    = {606-616},
  Volume                   = {42},

  Owner                    = {scomand},
  Timestamp                = {2014.10.30}
}

@Book{Ed87,
  Title                    = {Algorithms in Combinatorial Geometry},
  Author                   = {H. Edelsbrunner},
  Publisher                = {Springer},
  Year                     = {1987},

  Owner                    = {sesh},
  Timestamp                = {2016.03.21}
}

@Article{FrMo67,
  Title                    = {On Searching A Contour Map for a Given Terrain Elevation Profile},
  Author                   = {H. Freeman and S. Morse},
  Journal                  = {Journal of the Franklin Institute},
  Year                     = {1967},
  Number                   = {1},
  Pages                    = {1-25},
  Volume                   = {284},

  Owner                    = {scomand},
  Timestamp                = {2014.10.29}
}

@InProceedings{gm-osacvg-87,
  Title                    = {An Output Sensitive Algorithm for Computing Visibility Graphs},
  Author                   = {S. K. Ghosh and D. M. Mount},
  Booktitle                = FOCS,
  Year                     = {1987},
  Pages                    = {11--19},

  Bibsource                = {dblp computer science bibliography, http://dblp.org},
  Biburl                   = {http://dblp.uni-trier.de/rec/bib/conf/focs/GhoshM87},
  Doi                      = {10.1109/SFCS.1987.6},
  Url                      = {http://doi.ieeecomputersociety.org/10.1109/SFCS.1987.6}
}

@Book{HaEd10,
  Title                    = {Computational Topology},
  Author                   = {H. Edelsbrunner and J. Harer},
  Publisher                = {AMS},
  Year                     = {2010},

  Owner                    = {scomand},
  Timestamp                = {2014.10.30}
}

@InProceedings{HaWaWe10,
  Title                    = {A Randomized ${O}(m \log m)$ Time Algorithm for Computing Reeb Graph of Arbitrary Simplicial Complexes},
  Author                   = {W. Harvey and Y. Wang and R. Wenger},
  Booktitle                = SOCG,
  Year                     = {2010},
  Pages                    = {267-276},

  Owner                    = {scomand},
  Timestamp                = {2014.10.30}
}

@Article{KiSe86,
  Title                    = {The ultimate planar convex hull algorithm},
  Author                   = {D. Kirkpatrick and R. Seidel},
  Journal                  = SICOMP,
  Year                     = {1986},
  Number                   = {1},
  Pages                    = {287-299},
  Volume                   = {1},

  Owner                    = {scomand},
  Timestamp                = {2014.10.30}
}

@InProceedings{kobps-ctsssit-97,
  Title                    = {Contour Trees and Small Seed Sets for Isosurface Traversal},
  Author                   = {M. van Kreveld and R. van Oostrum and C. Bajaj and V. Pascucci and D. Schikore},
  Booktitle                = SOCG,
  Year                     = {1997},
  Pages                    = {212-220},

  Bibsource                = {DBLP, http://dblp.uni-trier.de},
  Ee                       = {http://doi.acm.org/10.1145/262839.269238}
}

@Article{LaBe+06,
  Title                    = {Understanding the structure of the turbulent mixing layer in hydrodynamic instabilities},
  Author                   = {D. Laney and P.-T. Bremer and A. Macarenhas and P. Miller and V. Pascucci},
  Journal                  = {IEEE Transactions on Visualization and Computer Graphics},
  Year                     = {2006},
  Number                   = {6},
  Pages                    = {1053-1060},
  Volume                   = {12}
}

@InProceedings{MaGr+11,
  Title                    = {Topological feature extraction for comparison of length scales in terascale combustion simulation data},
  Author                   = {A. Mascarenhas and R. Grout and P.-T. Bremer and V. Pascucci and E. Hawkes and J. Chen},
  Booktitle                = {Topological Methods in Data Analysis and Visualization: Theory, Algorithms, and Applications},
  Year                     = {2011},
  Pages                    = {229-240}
}

@InProceedings{MoWe13,
  Title                    = {Distributed merge trees},
  Author                   = {D. Morozov and G. Weber},
  Booktitle                = {Proceedings of Symposium on Principles and Practice of Parallel Programming},
  Year                     = {2013},
  Pages                    = {93-102}
}

@InProceedings{Pa12,
  Title                    = {A deterministic ${O}(m \log m)$ time algorithm for the reeb graph},
  Author                   = {S. Parsa},
  Booktitle                = SOCG,
  Year                     = {2012},
  Pages                    = {269-276},

  Owner                    = {scomand},
  Timestamp                = {2014.10.30}
}

@InProceedings{pc-ectls-02,
  Title                    = {Efficient Computation of the Topology of Level Sets},
  Author                   = {V. Pascucci and K. Cole-McLaughlin},
  Booktitle                = {IEEE Visualization},
  Year                     = {2002},
  Pages                    = {187-194},

  Bibsource                = {DBLP, http://dblp.uni-trier.de},
  Ee                       = {http://doi.ieeecomputersociety.org/10.1109/VISUAL.2002.1183774}
}

@Article{PaScBr07,
  Title                    = {Robust on-line computation of reeb graphs: simplicity and speed},
  Author                   = {V. Pascucci and G. Scorzelli and P.-T. Bremer and A. Mascarenhas},
  Journal                  = {ACM Transactions on Graphics},
  Year                     = {2007},
  Number                   = {58},
  Volume                   = {26},

  Owner                    = {scomand},
  Timestamp                = {2014.10.30}
}

@Article{rs-mvrms-14,
  Title                    = {Avoiding the Global Sort: A Faster Contour Tree Algorithm},
  Author                   = {B. {Raichel} and C. Seshadhri},
  Journal                  = {CoRR},
  Year                     = {2014},
  Volume                   = {abs/1411.2689},

  Ee                       = {http://arxiv.org/abs/1411.2689}
}

@Article{RoMe00,
  Title                    = {The watershed transform: definitions, algorithms, and parallelization strategies},
  Author                   = {J. B. T. M. Roerdink and A. Meijster},
  Journal                  = {Fundamenta Informaticae},
  Year                     = {2000},
  Pages                    = {187-228},
  Volume                   = {41},

  Owner                    = {scomand},
  Timestamp                = {2014.10.31}
}

@Article{sk-crgacs-91,
  Title                    = {Constructing a Reeb Graph Automatically from Cross Sections},
  Author                   = {Y. Shinagawa and T. Kunii},
  Journal                  = {IEEE Comput. Graphics Appl.},
  Year                     = {1991},
  Number                   = {6},
  Pages                    = {44-51},
  Volume                   = {11}
}

@Article{st-dsdt-83,
  Title                    = {A Data Structure for Dynamic Trees},
  Author                   = {D. Sleator and R. Tarjan},
  Journal                  = {Journal of Computing and System Sciences},
  Year                     = {1983},
  Number                   = {3},
  Pages                    = {362--391},
  Volume                   = {26},

  Bibsource                = {dblp computer science bibliography, http://dblp.org},
  Biburl                   = {http://dblp.uni-trier.de/rec/bib/journals/jcss/SleatorT83},
  Doi                      = {10.1016/0022-0000(83)90006-5},
  Timestamp                = {Sun, 19 Oct 2014 21:26:20 +0200},
  Url                      = {http://dx.doi.org/10.1016/0022-0000(83)90006-5}
}

@Article{st-saa-04,
  Title                    = {Smoothed analysis of algorithms: Why the simplex algorithm usually takes polynomial time},
  Author                   = {D. Spielman and S. Teng},
  Journal                  = JACM,
  Year                     = {2004},
  Number                   = {3},
  Pages                    = {385--463},
  Volume                   = {51},

  Bibsource                = {dblp computer science bibliography, http://dblp.org},
  Biburl                   = {http://dblp.uni-trier.de/rec/bib/journals/jacm/SpielmanT04},
  Doi                      = {10.1145/990308.990310},
  Timestamp                = {Thu, 02 Oct 2014 21:15:19 +0200},
  Url                      = {http://doi.acm.org/10.1145/990308.990310}
}

@InProceedings{tv-cct-98,
  Title                    = {Construction of Contour Trees in 3D in ${O}(n \log n)$ Steps},
  Author                   = {S. Tarasov and M. Vyalyi},
  Booktitle                = SOCG,
  Year                     = {1998},
  Pages                    = {68-75},

  Bibsource                = {DBLP, http://dblp.uni-trier.de},
  Ee                       = {http://doi.acm.org/10.1145/276884.276892}
}

@Article{TiGySi09,
  Title                    = {Loop surgery for volumetric meshes: Reeb graphs reduced
to contour trees},
  Author                   = {J. Tierny and A. Gyulassy and E. Simon and V. Pascucci},
  Journal                  = {IEEE Trans. on Visualization and Computer Graphics},
  Year                     = {2009},
  Number                   = {6},
  Pages                    = {1177-1184},
  Volume                   = {15},

  Owner                    = {scomand},
  Timestamp                = {2014.10.30}
}

@Article{Vu78,
  Title                    = {A data structure for manipulating priority queues},
  Author                   = {J. Vuillemin},
  Journal                  = {Communications of the ACM},
  Year                     = {1978},
  Pages                    = {309-314},
  Volume                   = {21},

  Owner                    = {scomand},
  Timestamp                = {2014.10.31}
}

